@misc{papamarkou2024positionbayesiandeeplearning,
    title         = {Position: Bayesian Deep Learning is Needed in the Age of Large-Scale AI},
    author        = {Theodore Papamarkou and Maria Skoularidou and Konstantina Palla and Laurence Aitchison and Julyan Arbel and David Dunson and Maurizio Filippone and Vincent Fortuin and Philipp Hennig and José Miguel Hernández-Lobato and Aliaksandr Hubin and Alexander Immer and Theofanis Karaletsos and Mohammad Emtiyaz Khan and Agustinus Kristiadi and Yingzhen Li and Stephan Mandt and Christopher Nemeth and Michael A. Osborne and Tim G. J. Rudner and David Rügamer and Yee Whye Teh and Max Welling and Andrew Gordon Wilson and Ruqi Zhang},
    year          = {2024},
    eprint        = {2402.00809},
    archiveprefix = {arXiv},
    primaryclass  = {cs.LG},
    url           = {https://arxiv.org/abs/2402.00809}
}