@article{pozo2011finding,
  title     = {Finding multiple nash equilibria in pool-based markets: A stochastic EPEC approach},
  author    = {Pozo, David and Contreras, Javier},
  journal   = {IEEE Transactions on Power Systems},
  volume    = {26},
  number    = {3},
  pages     = {1744--1752},
  year      = {2011},
  publisher = {IEEE}
}

@article{ratliff2016characterization,
  title     = {On the characterization of local Nash equilibria in continuous games},
  author    = {Ratliff, Lillian J and Burden, Samuel A and Sastry, S Shankar},
  journal   = {IEEE transactions on automatic control},
  volume    = {61},
  number    = {8},
  pages     = {2301--2307},
  year      = {2016},
  publisher = {IEEE}
}

@article{lou2015nash,
  title     = {Nash equilibrium computation in subnetwork zero-sum games with switching communications},
  author    = {Lou, Youcheng and Hong, Yiguang and Xie, Lihua and Shi, Guodong and Johansson, Karl Henrik},
  journal   = {IEEE Transactions on Automatic Control},
  volume    = {61},
  number    = {10},
  pages     = {2920--2935},
  year      = {2015},
  publisher = {IEEE}
}

@article{stankovic2011distributed,
  title     = {Distributed seeking of Nash equilibria with applications to mobile sensor networks},
  author    = {Stankovic, Milo{\v{s}} S and Johansson, Karl H and Stipanovic, Du{\v{s}}an M},
  journal   = {IEEE Transactions on Automatic Control},
  volume    = {57},
  number    = {4},
  pages     = {904--919},
  year      = {2011},
  publisher = {IEEE}
}

@article{liu2011stochastic,
  title     = {Stochastic Nash equilibrium seeking for games with general nonlinear payoffs},
  author    = {Liu, Shu-Jun and Krsti{\'c}, Miroslav},
  journal   = {SIAM Journal on Control and Optimization},
  volume    = {49},
  number    = {4},
  pages     = {1659--1679},
  year      = {2011},
  publisher = {SIAM}
}

@article{durr2013lie,
  title     = {Lie bracket approximation of extremum seeking systems},
  author    = {D{\"u}rr, Hans-Bernd and Stankovi{\'c}, Milo{\v{s}} S and Ebenbauer, Christian and Johansson, Karl Henrik},
  journal   = {Automatica},
  volume    = {49},
  number    = {6},
  pages     = {1538--1552},
  year      = {2013},
  publisher = {Elsevier}
}

@article{ding2019distributed,
  title     = {Distributed resilient finite-time secondary control for heterogeneous battery energy storage systems under denial-of-service attacks},
  author    = {Ding, Lei and Han, Qing-Long and Ning, Boda and Yue, Dong},
  journal   = {IEEE Transactions on Industrial Informatics},
  volume    = {16},
  number    = {7},
  pages     = {4909--4919},
  year      = {2019},
  publisher = {IEEE}
}

@article{wu2021resilient,
  title     = {Resilient bipartite consensus of second-order multiagent systems with event-triggered communication},
  author    = {Wu, Jiahui and Zhu, Yunru and Zheng, Yuanshi and Wang, Huaizhu},
  journal   = {IEEE Systems Journal},
  year      = {2021},
  publisher = {IEEE}
}

@book{lewis2013cooperative,
  title     = {Cooperative control of multi-agent systems: optimal and adaptive design approaches},
  author    = {Lewis, Frank L and Zhang, Hongwei and Hengster-Movric, Kristian and Das, Abhijit},
  year      = {2013},
  publisher = {Springer Science \& Business Media}
}

@article{ge2021dynamic,
  title     = {Dynamic event-triggered scheduling and platooning control co-design for automated vehicles over vehicular ad-hoc networks},
  author    = {Ge, Xiaohua and Xiao, Shunyuan and Han, Qing-Long and Zhang, Xian-Ming and Ding, Derui},
  journal   = {IEEE/CAA Journal of Automatica Sinica},
  volume    = {9},
  number    = {1},
  pages     = {31--46},
  year      = {2021},
  publisher = {IEEE}
}

@article{ye2022distributed,
  title     = {Distributed Nash equilibrium seeking strategies under quantized communication},
  author    = {Ye, Maojiao and Han, Qing-Long and Ding, Lei and Xu, Shengyuan and Jia, Guobiao},
  journal   = {IEEE/CAA Journal of Automatica Sinica},
  year      = {2022},
  publisher = {IEEE}
}

@article{7888532,
  author   = {Ye, Maojiao and Hu, Guoqiang},
  journal  = {IEEE Transactions on Automatic Control},
  title    = {Distributed Nash Equilibrium Seeking by a Consensus Based Approach},
  year     = {2017},
  volume   = {62},
  number   = {9},
  pages    = {4811-4818},
  keywords = {Games;Nash equilibrium;Protocols;Convergence;Algorithm design and analysis;Heuristic algorithms;Gradient play;leader-following consensus;Nash equilibrium;neighboring communication},
  doi      = {10.1109/TAC.2017.2688452}
}

@article{8093754,
  author   = {Ye, Maojiao and Hu, Guoqiang},
  journal  = {IEEE Transactions on Cybernetics},
  title    = {Distributed Nash Equilibrium Seeking in Multiagent Games Under Switching Communication Topologies},
  year     = {2018},
  volume   = {48},
  number   = {11},
  pages    = {3208-3217},
  keywords = {Games;Switches;Topology;Nash equilibrium;Convergence;Symmetric matrices;Leader-following consensus;loss of communication;Nash equilibrium seeking;switching communication topology},
  doi      = {10.1109/TCYB.2017.2764141}
}

@article{ye2021adaptive,
  title     = {Adaptive approaches for fully distributed Nash equilibrium seeking in networked games},
  author    = {Ye, Maojiao and Hu, Guoqiang},
  journal   = {Automatica},
  volume    = {129},
  pages     = {109661},
  year      = {2021},
  publisher = {Elsevier}
}




